\begin{filecontents}{\Literaturverzeichnis.bib}

@book{krisen,
    author={Jens Marcus Woehe and Eberhard Kurz},   
    title={Krisen in Digitalprojekten erfolgreich managen},
    edition={1},
    publisher={Hanser},
    isbn={978-3-446-46756-9},
    year={2021},
    language={deutsch},
}

@article{Emerging,
    author={Steffen Wendzel and Wojciech Mazurczyk and Luca Caviglione 
    and Amir Houmansadr (Eds.)},      
    title={Emerging Topics in Defending Networked Systems},  
    journal={Special Issue at Future Generation Computer Systems (FGCS)},
    publisher={Elsevier},
    year={2021},
}

@article{SCSZ,
    author={Markus Lauzi},
    title={Smart-City: Die Stadt der Zukunft},	 
    journal={VDI Rheingau Regional Magazin},
    VOLUME={2},
    number={},
    year={2017},
    pages={12--18}
}

@inproceedings{DBLP:conf/bir/BremserPR19,
    author={Christian Bremser and Gunther Piller and Franz Rothlauf},
    editor={Malgorzata Pankowska and Kurt Sandkuhl},
    title={How Smart Cities Explore New Technologies},
    booktitle={Perspectives in Business Informatics Research - 18th International
               Conference, {BIR} 2019, Katowice, Poland, September 23-25, 2019, Proceedings},
    series={Lecture Notes in Business Information Processing},
    volume={365},
    pages={1--15},
    publisher={Springer},
    year={2019},
    note={\url{https://doi.org/10.1007/978-3-030-31143-8\_1}},
    doi ={10.1007/978-3-030-31143-8\_1},
    timestamp={Tue, 17 Sep 2019 14:12:43 +0200},
    biburl={https://dblp.org/rec/conf/bir/BremserPR19.bib},
    bibsource={dblp computer science bibliography, https://dblp.org}
}

@inbook{doi:https://doi.org/10.1002/9781119226079.ch2,
    author={Martin Henze and Jens Hiller and René Hummen and Roman Matzutt and Klaus 
    Wehrle and Jan H. Ziegeldorf},
    publisher={John Wiley \& Sons, Ltd},
    isbn={9781119226079},
    title={Network Security and Privacy for Cyber-Physical Systems},
    booktitle={Security and Privacy in Cyber‐Physical Systems},
    chapter={2},
    pages={25-56},
    doi={https://doi.org/10.1002/9781119226079.ch2},
    note={\url{https://onlinelibrary.wiley.com/doi/abs/10.1002/9781119226079.ch2}},
    eprint={https://onlinelibrary.wiley.com/doi/pdf/10.1002/9781119226079.ch2},
    year={2017},
}
@inbook{doi:https://doi.org/10.1002/9781119226079.ch16,
    author={Wendzel, Steffen and Tonejc, Jernej and Kaur, Jaspreet and Kobekova, Alexandra},
    publisher={John Wiley \& Sons, Ltd},
    isbn={9781119226079},
    title={Cyber Security of Smart Buildings},
    booktitle={Security and Privacy in Cyber‐Physical Systems},
    chapter={16},
    pages={327-351},
    doi={https://doi.org/10.1002/9781119226079.ch16},
    note={\url{https://onlinelibrary.wiley.com/doi/abs/10.1002/9781119226079.ch16}},
    eprint={https://onlinelibrary.wiley.com/doi/pdf/10.1002/9781119226079.ch16},
    year={2017},
}

@article{IJET14846,
	author={D Kavitha and . .},
	title={Modern shopping cart with automatic billing system  using load sensor},
	journal={International Journal of Engineering and Technology},
	volume={7},
	number={2.33},
	year={2018},
	note={\url{https://www.sciencepubco.com/index.php/ijet/article/view/14846}},
}

@article{AQUILINA20191558,
    author={Yesenia Aquilina and Michael A. Saliba},
    title={An automated supermarket checkout system utilizing a SCARA robot: preliminary prototype development},
    journal={Procedia Manufacturing},
    volume={38},
    pages={1558-1565},
    year={2019},
    note={29th International Conference on Flexible Automation and Intelligent Manufacturing 
    (FAIM 2019), June 24-28, 2019, Limerick, Ireland, Beyond Industry 4.0: Industrial Advances, 
    Engineering Education and Intelligent Manufacturing},
    //note={\url{https://www.sciencedirect.com/science/article/pii/S2351978920301311}},
}

@article{ADR-Journal-Embedded-Systems,
	author={Sumit Bankar},
	title={ Automated Supermarket Run System},
	journal={Journal of Advanced Research in Embedded System},
	volume={6},
	number={3 and 4},
	year={2019},
	note={\url{https://thejournalshouse.com/index.php/ADR-Journal-Embedded-Systems/article/view/223}},
}

@article{IJISRT,
	author={Susmita Jadhav and Namrata Pawar and Nilam Kharade and Pankaj S. Lengare},
	title={Automatic Vending Machine},
	journal={ International Journal of Innovative Science and Research Technology (IJISRT)},
	volume={3},
	year={2018},
    pages={376-378},
	note={\url{https://www.ijisrt.com/automatic-vending-machine}},
}

@article{SIBANDA2020678,
    author={Vennan Sibanda and Lorraine Munetsi and Khumbulani Mpofu and Eriyeti Murena and John Trimble},
    title={Design of a high-tech vending machine},
    journal={Procedia CIRP},
    volume={91},
    pages={678-683},
    year={2020},
    issn={2212-8271},
    doi={https://doi.org/10.1016/j.procir.2020.04.133},
    howpublished={url{https://www.sciencedirect.com/science/article/pii/S2212827120308829}},
    note={\url{https://www.sciencedirect.com/science/article/pii/S2212827120308829}},
}

@article{article,
    author={R. Dijaya and EA. Suprayitno and A. Wicaksono},
    year={2019},
    month={07},
    pages={012098},
    title={Integrated Point of Sales and Snack Vending Machine based on Internet of Things for 
    Self Service Scale Micro Enterprises},
    volume={1179},
    journal={Journal of Physics: Conference Series},
    doi={10.1088/1742-6596/1179/1/012098},
    note={\url{https://www.researchgate.net/publication/335500971_Integrated_Point_of_Sales_and_Snack_Vending
    _Machine_based_on_Internet_of_Things_for_Self_Service_Scale_Micro_Enterprises
    /link/5d691eafa6fdcc547d6b582a/download}},
}

@article{https://doi.org/10.1049/joe.2018.9021,
    author={Shen, Longzhang and Qiu, Changjun and Wu, Xiaoyan and Han, Changxing and Hu, Liangbin},
    title={Design of removable vending machine and research on the key implementation technology},
    journal={The Journal of Engineering},
    volume={2019},
    number={13},
    pages={402-405},
    doi={https://doi.org/10.1049/joe.2018.9021},
    note={\url{https://ietresearch.onlinelibrary.wiley.com/doi/abs/10.1049/joe.2018.9021}},
    eprint={https://ietresearch.onlinelibrary.wiley.com/doi/pdf/10.1049/joe.2018.9021},
    year={2019}
}

@book{TCPIP,
    author={Steffen Wendzel},   
    title={IT-Sicherheit für TCP/IP- und IoT-Netzwerke},
    edition={1},
    publisher={Springer Vieweg},
    isbn={978-3-658-22602-2},
    year={2018},
    language={deutsch},
}


@article{doi:10.1080/15378020.2012.706176,
    author={Qamar Iqbal and Lawrence E. Whitman and Don Malzahn},
    title={Reducing Customer Wait Time at a Fast Food Restaurant on Campus},
    journal={Journal of Foodservice Business Research},
    volume={15},
    number={4},
    pages={319-334},
    year={2012},
    publisher={Routledge},
    doi={10.1080/15378020.2012.706176},
    note={\url{https://doi.org/10.1080/15378020.2012.706176}},
}

@book{10.5555/1816862,
    author={Schaeffler, Jimmy},
    title={Digital Signage: Software, Networks, Advertising, and Displays A Primer for Understanding the Business},
    year={2008},
    isbn={0240810414},
    publisher={Focal Press},
}

\end{filecontents}