\begin{filecontents}{\Literaturverzeichnis.bib}


@article{refrep:DBCP,
    author={Deutsche Bundesbank},
    title={{Cashless payments in Germany and the role of the Deutsche Bundesbank: Developments and key trends
    over the past 50 years}},
    institution={Deutsche Bundesbank},
    year={2009},
    journal={Deutsche Bundesbank Eurosystem - Monthly Report},
}

@article{refart:HARE,
    author={Md Arif Hassan and Zarina Shukur and Mohammad Kamrul Hasan and Ahmed Salih Al-Khaleefa},
    year={2020},
    month={08},
    pages={22},
    title={{A Review on Electronic Payments Security}},
    volume={12},
    journal={Symmetry},
    note={\url{http://dx.doi.org/10.3390/sym12081344}},
}

@article{refart:KSDL,
    author={Karsten Seibel},
    date={2017-03-12},
    title={{Die deutsche Liebe zum Bargeld verblasst – wegen nur einer Karte}},
    journal={Die Welt},
    note={\url{https://www.welt.de/wirtschaft/article193063435/Zahlungsmittel-Karte-schlaegt-in-Deutschland-erstmals-Bargeld.html}},
    urldate={2021-10-31},
    year={2019},
}

@article{refart:QWDN,
    author={Qian (Emily) Wang and Michael D. Myers and David Sundaram},
    title={{Digital Natives und Digital Immigrants}},
    journal={Wirtschaftsinformatik},
    volume={55},
    number={6},
    year={2013},
    pages={409-420},
    doi={10.1007/s11576-013-0390-2},
    note={\url{https://link.springer.com/article/10.1007/s11576-013-0390-2#citeas}},
} 

@article{refart:HLAU,
    author={Henning Lübbecke},
    title={{Akzeptanz und Übernahme von Informatikprodukten durch Ältere}},
    journal={Forum InformatikerInnen für Frieden und gesellschaftliche Verantwortung e. V. (FIfF)},
    volume={4},
    year={2018},
    pages={31-34},
    note={\url{https://www.fiff.de/publikationen/fiff-kommunikation/fk-2018/fk-2018-4/fk-2018-4-content/fk-4-18-p31.pdf}},
} 

@article{refart:TRVR,
    author={Thea Riebe and Jasmin Haunschild and Felix Divo and Matthias Lang and Gerbert Roitburd and Jonas Franken and Christian Reuter},
    year={2020},
    month={05},
    pages={316-321},
    title ={Die Vorratsdatenspeicherung in Europa},
    volume={44},
    journal={Datenschutz und Datensicherheit - DuD},
    doi={10.1007/s11623-020-1275-3},
    note={\url{http://www.peasec.de/paper/2020/2020_Riebeetal_VDSinEuropa_DuD.pdf}},
}

@article{refart:TDMP,
    title={Past, present and future of mobile payments research: A literature review},
    author={Tomi Dahlberg and Niina Mallat and Jan Ondrus and Agnieszka Zmijewska},
    journal={Electronic Commerce Research and Applications},
    volume={7},
    number={2},
    pages={165-181},
    year={2008},
    issn={1567-4223},
    note={\url{https://doi.org/10.1016/j.elerap.2007.02.001}},
}

@article{refart:SLWK,
    title={{Was ist Kryptographie?}},
    journal={Security Insider},
    author={Stefan Luber and Peter Schmitz},
    year={2017},
    note={\url{https://www.security-insider.de/was-ist-kryptographie-a-642288/}},
}

@misc{refart:JTAS,
    title={An Anonymous Secure Payment Protocol in a Payment Gateway Centric Model},
    journal={Procedia Computer Science},
    author={Jesús Téllez Isaac and Sherali Zeadally},
    volume={10},
    pages={758-765},
    year={2012},
    issn={1877-0509},
    note={\url{https://doi.org/10.1016/j.procs.2012.06.097}},
}

@article{refart:ECPG,
    title={E-Commerce: ‘Click and Buy’ – An Easy Way of Shopping (with Respect to Indian Market) },
    journal={International Journal of Innovative Research \& Development},
    author={Priyanka Ghosh and Chitra C.},
    volume={3},
    pages={416-431},
    year={2014},
    issn={2278–0211},
    note={\url{http://52.172.159.94/index.php/ijird/article/viewFile/58573/45795}},
}

@article{refart:DSDS,
    author={Datenschutz},
    date ={2021-10-21},
    title={{Datenschutz im Internet: Privatsphäre als höchstes Gut bewahren}},
    journal={Datenschutz.org},
    note={\url{https://www.datenschutz.org/datenschutz-im-internet/}},
    urldate={2021-11-29},
    year={2021},
}

@ARTICLE{refart:CHRE,
    author={Chikofsky, E.J. and Cross, J.H.},
    journal={IEEE Software}, 
    title={Reverse engineering and design recovery: a taxonomy}, 
    year={1990},
    volume={7},
    number={1},
    pages={13-17},
    doi={10.1109/52.43044},
    note={\url{https://ieeexplore.ieee.org/abstract/document/43044}},
  }

  @ARTICLE{refart:HSSC,
    author={Hyunsoo Kwon and Hyunjae Nam and Sangtae Lee and Changhee Hahn and Junbeom Hur},
    journal={IEEE Transactions on Information Forensics and Security}, 
    title={{(In-)Security of Cookies in HTTPS: Cookie Theft by Removing Cookie Flags}}, 
    year={2020},
    volume={15},
    number={},
    pages={1204-1215},
    doi={10.1109/TIFS.2019.2938416},
    note={\url{https://ieeexplore.ieee.org/document/8820079/authors#authors}},
}
