\begin{filecontents}{\Literaturverzeichnis.bib}

@book{refbook:ATMS,
    author={Andrew S. Tanembaum},
    title={{Moderne Betriebssysteme}},
    publisher={Pearson},
    isbn={978-3-8273-7342-7},
    year={2009},
    address={München},
}

@book{refbook:JNKD,
    author={Jens Marcus Woehe and Eberhard Kurz},   
    title={{Krisen in Digitalprojekten erfolgreich managen}},
    publisher={Hanser},
    isbn={978-3-446-46756-9},
    year={2021},
    language={deutsch},
    address={München},
}

@book{refbook:SWIS,
    author={Steffen Wendzel},   
    title={{IT-Sicherheit für TCP/IP- und IoT-Netzwerke}},
    publisher={Springer Vieweg},
    isbn={978-3-658-22602-2},
    year={2018},
    address={Wiesbaden},

}

@book{refbook:JSDS,
    author={Jimmy Schaeffler},
    title={{Digital Signage: Software, Networks, Advertising, and Displays a Primer for Understanding the Business}},
    year={2008},
    isbn={0240810414},
    publisher={Focal Press},
    address={Burlington},

}

@book{refbook:SWPN,
    author={Steffen Wendzel and Johannes Plötner},   
    title={{Praxisbuch Netzwerk-Sicherheit: Risikoanalyse, 
           Methoden und Umsetzung; für Unix-Linux und Windows; 
           VPN, WLAN, Intrusion Detection, Disaster Recovery, Kryptologie}},
    publisher={Galileo Computing},
    isbn={978-3898428286},
    year={2007},
    language={deutsch},
    address={Bonn},
}

@book{refbook:IASE,
  title={{Software Engineering}},
  author={Ian Sommerville},
  edition={9},
  groups={public},
  isbn={978-0-13-703515-1},
  publisher={Pearson},
  address={Boston},
  year={2010}
}

@book{refbook:MNIT,
  title={{Innovative Technik im Zahlungsverkehr. Ein kompakter Überblick über traditionelle und moderne Zahlungsverfahren}},
  author={Matthias Nießner},
  edition={1},
  isbn={9783668611610},
  publisher={GRIN Verlag},
  address={Norderstedt},
  year={2017}
}


@book{refbook:WRHC,
    author={Wolfgang Rankl and Wolfgang Effing},
    year={2002},
    month={01},
    pages={},
    title={{Handbuch der Chipkarten - Aufbau, Funktionsweise, Einsatz von Smart Cards (4. Aufl.).},},
    isbn={978-3-446-22036-2},
    publisher={Hanser},
    }

\end{filecontents}