\begin{filecontents}{\Referenz.bib}

@book{tanenbaum,
    author={Andrew S. Tanenbaum},
    title={Moderne Betriebssysteme},
    edition={3},
    publisher={Pearson Studium},
    isbn={978-3-8273-7342-7},
    year={2009},
    language={deutsch},
}

@article{tunneling,
    author={Steffen Wendzel},      
    title={Firewalls umgehen mit Protokoll-Tunneling},  
    journal={hakin9},
    pages={30--37},
    year={2007},
    URL = {http://www.wendzel.de/dr.org/files/Papers/hakin9_01_2007_tunneling.pdf},
}

@book{itsicherheit,
    author={Steffen Wendzel},   
    title={IT-Sicherheit für TCP/IP- und IoT-Netzwerke. Grundlagen, Konzepte, Protokolle, Härtun},
    edition={1},
    publisher={Springer Vieweg},
    isbn={978-3-658-33423-9},
    year={2018},
    language={deutsch},
}

@book{krisen,
    author={Jens Marcus Woehe and Eberhard Kurz},   
    title={Krisen in Digitalprojekten erfolgreich managen},
    edition={1},
    publisher={Hanser},
    isbn={978-3-446-46756-9},
    year={2021},
    language={deutsch},
}

@article{Emerging,
    author={Steffen Wendzel and Wojciech Mazurczyk and Luca Caviglione and Amir Houmansadr (Eds.)},      
    title={Emerging Topics in Defending Networked Systems},  
    journal={Special Issue at Future Generation Computer Systems (FGCS)},
    publisher={Elsevier},
    year={2021},
}

@book{Linux,
    author={Steffen Wendzel and Johannes Plötner},   
    title={Einstieg in Linux},
    edition={8},
    publisher={Rheinwerk Verlag},
    isbn={978-3-8362-6769-4},
    year={2019},
    language={deutsch},
}

@incollection{IoT,
    author={Steffen Wendzel and Detlef Olschewski},
    title={Internet of Things und Smart Contracts: Risiken bei der Digitalisierung von Unternehmen},
    editor={Thomas Barton and Christian Müller and Christian Seel(Hrsg)},
    booktitle={Angewandte Wirtschaftsinformatik, Bd. III,},
    publisher={Springer-Vieweg},
    year={2018},
    pages={291--302},
}


\end{filecontents}