\begin{filecontents}{\Literaturverzeichnis.bib}


@mastersthesis{refmas:ASSS,
    author={Alexander Steffen}, 
    title={{Sicherheit Smartcard-basierter Zugangskontrollsysteme}},
    school={Ruhr-Universität Bochum},
    year={2012},
    address={Universitätsstraße 150, 44801 Bochum},
    month={Januar},
    howpublished={\url{hhttps://www.emsec.ruhr-uni-bochum.de/media/attachments/files/2012/04/Master-Arbeit-public.pdf}},
    note={Zugriff: 2021-11-20},
}

@INPROCEEDINGS{refip:NTAS,
  author={Nour Elhouda Tabet and Media Anugerah Ayu},
  booktitle={{2016 International Conference on Informatics and Computing (ICIC)}}, 
  title={Analysing the security of NFC based payment systems}, 
  year={2016},
  volume={},
  number={},
  pages={169-174},
  howpublished={\url{http://dx.doi.org/10.1109/IAC.2016.7905710}},
  note={Zugriff: 2021-10-19},
}


@inproceedings{refip:NYRS,
    author={Nilay Yildirim and Asaf Varol},
    title={{A Research on Security Vulnerabilities in Online and Mobile Banking Systems}},
    booktitle={{2019 7th International Symposium on Digital Forensics and Security (ISDFS)}},
    year={2019},
    month={06},
    pages={1-5},
    howpublished={\url{http://dx.doi.org/10.3390/sym12081344}},
    note={Zugriff: 2021-10-19},
}

@INPROCEEDINGS{refip:MRHS,
    author={M. Renaudin and F. Bouesse and Ph. Proust and J.P. Tual and L. Sourgen and F. Germain},
    booktitle={{Proceedings Design, Automation and Test in Europe Conference and Exhibition}}, 
    title={High security smartcards}, 
    year={2004},
    volume={1},
    pages={228-232 Vol.1},
    howpublished={\url{http://dx.doi.org/10.1109/DATE.2004.1268853}},
    note={Zugriff: 2021-10-26},
}

@INPROCEEDINGS{refip:JFSB,
    author={J.J. Farrell},
    booktitle={{Proceedings 13th TRON Project International Symposium /TEPS '96}}, 
    title={{Smartcards become an international technology}}, 
    year={1996},
    pages={134-140},
    howpublished={\url{https://doi.org/10.1109/TRON.1996.566204}},
    note={Zugriff: 2021-10-30},
}

@inproceedings{refip:DKAM,
    author={Darius Khodawandi and Key Pousttchi and Dietmar G. Wiedemann},
    title={{Akzeptanz mobiler Bezahlverfahren in Deutschland}},
    booktitle={{Mobile Commerce - Anwendungen und Perspektiven, Proceedings zum 3. Workshop Mobile Commerce}},
    year={2003},
    pages={42-57},
    publisher={Gesellschaft für Informatik e.V.},
    address={Bonn},
} 

@INPROCEEDINGS{refip:GMPS,  
    author={Gianluigi Me},  
    booktitle={ACS/IEEE International Conference on Computer Systems and Applications, 2003. Book of Abstracts.},   
    title={Payment security in mobile environment},   
    year={2003},  
    volume={},  
    number={},  
    pages={34-},  
    howpublished={\url{http://dx.doi.org/10.1109/AICCSA.2003.1227468}},
    note={Zugriff: 2021-11-02},

}

@inbook{inbook:MHNS,
    author={Martin Henze and Jens Hiller and René Hummen and Roman Matzutt and Klaus 
    Wehrle and Jan H. Ziegeldorf},
    isbn={9781119226079},
    title={{Network Security and Privacy for Cyber-Physical Systems}},
    booktitle={{Security and Privacy in Cyber‐Physical Systems}},
    chapter={2},
    pages={25-56},
    howpublished={\url{https://doi.org/10.1002/9781119226079.ch2}},
    year={2017},
    publisher={John Wiley and Sons Ltd},
    note={Zugriff: 2021-11-6},

}

@inbook{inbook:SWCS,
    author={Steffen Wendzel and Jernej Tonejc and Jaspreet Kaur and Alexandra Kobekova},
    publisher={John Wiley \& Sons, Ltd},
    isbn={9781119226079},
    title={{Cyber Security of Smart Buildings}},
    booktitle={{Security and Privacy in Cyber‐Physical Systems}},
    chapter={16},
    pages={327-351},
    doi={https://doi.org/10.1002/9781119226079.ch16},
    howpublished={\url{https://onlinelibrary.wiley.com/doi/abs/10.1002/9781119226079.ch16}},
    eprint={https://onlinelibrary.wiley.com/doi/pdf/10.1002/9781119226079.ch16},
    year={2017},
    note={Zugriff: 2021-11-6},

}

@Inbook{inbook:AHDS,
    author={Alan Hevner and Samir Chatterjee},
    title={{Design Science Research in Information Systems}},
    bookTitle={{Design Research in Information Systems: Theory and Practice}},
    year={2010},
    publisher={Springer US},
    address={Boston, MA},
    pages={9--22},
    isbn={978-1-4419-5653-8},
    howpublished={\url{"https://doi.org/10.1007/978-1-4419-5653-8_2"}},
    note={Zugriff: 2021-11-4},

}



@misc{periodical:ANST,
    author={Lena Graefe},   
    title={{Anzahl der Neuzulassungen von Caravans und Reisemobilen in Deutschland von 2013 bis 2020}},
    publisher={Statista GmbH},
    address={Hamburg},
    year={2021},
    pages={Online-Ressource},
    language={ger},
    howpublished={\url{shorturl.at/cmrwL}},
    library={UB},
    note={Zugriff: 2011-10-15}
}

    %howpublished={https://de.statista.com/statistik/daten/studie/662102/umfrage/neuzulassungen-von-caravans-und-reisemobile-in-deutschland/},


@misc{periodical:UBST,
    author={Lena Graefe},   
    title={{Übernachtungen in Beherbergungsstätten in Deutschland bis September 2021}},
    publisher={Statista GmbH},
    address={Hamburg},
    year={2021},
    pages={Online-Ressource},
    language={ger},
    howpublished={\url{https://bit.ly/3GDcbfq}},
    library={UB},
    note={Zugriff: 2011-10-15}
}
    %howpublished={https://de.statista.com/statistik/daten/studie/73548/umfrage/uebernachtungen-in-beherbergungsstaetten-und-auf-campingplaetzen/},


@misc{periodical:AUST,
    author={Lena Graefe},
    title={{Anzahl der Übernachtungen von Gästen in Beherbergungsstätten in Deutschland von September 2019 bis September 2021}},
    publisher={Statista GmbH},
    address={Hamburg},
    year={2021},
    pages={Online-Ressource},
    language={ger},
    howpublished={url{https://bit.ly/3fzyWEZ}},
    library={UB},
    note={Zugriff: 2011-10-15}
}
    %howpublished={https://de.statista.com/statistik/daten/studie/73548/umfrage/uebernachtungen-in-beherbergungsstaetten-und-auf-campingplaetzen/},


@misc{periodical:AdCJ,
    author={Lena Graefe},
    title={{Altersverteilung von deutschen Campingurlaubern im Jahr 2019}},
    publisher={Statista GmbH},
    address={Hamburg},
    year={2019},
    pages={Online-Ressource},
    language={ger},
    howpublished={\url{https://bit.ly/34ODyF5}},
    library={UB},
    note={Zugriff: 2011-10-15}
}
%    howpublished={https://de.statista.com/statistik/daten/studie/1044777/umfrage/altersverteilung-der-deutschen-campingurlaubern/},


@misc{misc:MSND,
    author={Markus Siepermann},
    editor={{Springer Gabler Verlag}},
    year={2018},
    title={Gabler Wirtschaftslexikon: Stichwort: Digital Native},
    howpublished={\url{https://wirtschaftslexikon.gabler.de/definition/digital-native-54496}},
    note={Zugriff: 2011-10-15}

}

@misc{booklet:BSSE,
    author={{BSI}},
    editor={{Bundesamt für Sicherheit in der Informationstechnik}},
    note={Zugriff: 2021-12-26},
    year={2020},
    title={{Social Engineering – der Mensch als Schwachstelle}},
    howpublished={\url{https://www.bsi.bund.de/DE/Themen/Verbraucherinnen-und-Verbraucher/Cyber-Sicherheitslage/Methoden-der-Cyber-Kriminalitaet/Social-Engineering/social-engineering_node.html}},
}


@misc{booklet:BKCB,
    author={Bundeskriminalamt},
    editor={Bundeskriminalamt},
    note={Zugriff: 2021-12-26},
    year={2020},
    title={{Cybercrime Bundeslagebild 2020}},
    howpublished={\url{https://www.bka.de/SharedDocs/Downloads/DE/Publikationen/JahresberichteUndLagebilder/Cybercrime/cybercrimeBundeslagebild2020.html;jsessionid=1A921B916A930B1DEB3130BCF4399153.live291?nn=28110}},
}

@INPROCEEDINGS{refip:CMBM,  
    author={Christoph Matthies and Lukas Pirl and Amir Azodi and Christoph Meinel},  
    booktitle={2015 6th IEEE International Conference on Software Engineering and Service Science (ICSESS)},   
    title={Beat your mom at solitaire — A review of reverse engineering techniques and countermeasures},   
    year={2015},  
    pages={1094-1097},  
    doi={10.1109/ICSESS.2015.7339242},
    howpublished={\url{https://ieeexplore.ieee.org/document/7339242}},
    note={Zugriff: 2021-12-26},
    
}
  


@inproceedings{refip:SGRM,
    author={Serge Demeyer},
    booktitle={{2011 27th IEEE International Conference on Software Maintenance (ICSM)}}, 
    year={2011},
    month={09},
    pages={600},
    title={Research methods in computer science},
    howpulished={\url{http://dx.doi.org/10.1109/ICSM.2011.6080841}},
    note={Zugriff: 2021-12-26},

}

@misc{refst:nmap,
  title={{Nmap: the Network Mapper - Free Security Scanner}},
  howpublished={\url{https://nmap.org/}},
  note={Zugriff: 2021-12-10},
  year={2021},
  author={Nmap.Org},
}

@misc{refst:wisa,
  title={{About Wireshark}},
  howpublished={\url{https://www.wireshark.org/}},
  note={Zugriff: 2021-12-10},
  year={2021},
  author={Wireshark},
}

@misc{refst:ARES,
  title={{Establishing Security Best Practices in Access Control}},
  howpublished={\url{https://www.readkong.com/page/establishing-security-best-practices-in-access-control-2712189}},
  note={Zugriff: 2021-12-10},
  year={2010},
  author={Andreas Rohr and Karsten Nohl and Henryk Plötz},
}

@misc{refst:IPIO,
  title={{IP-Spoofing: So einfach manipulieren Angreifer Datenpakete}},
  howpublished={\url{https://www.ionos.de/digitalguide/server/sicherheit/ip-spoofing-grundlagen-und-gegenmassnahmen/}},
  note={Zugriff: 2021-12-14},
  year={2020},
  author={IONOS},
}

@INPROCEEDINGS{refip:KSDD,
    author={K.S. Vanitha and S. V. UMA and S.K. Mahidhar},
    booktitle={{2017 International Conference on Circuits, Controls, and Communications (CCUBE)}}, 
    title={{Distributed denial of service: Attack techniques and mitigation}}, 
    year={2017},
    volume={},
    number={},
    pages={226-231},
     
}

@inproceedings{refip:VDSD,
    author={Veronika Durcekova and Ladislav Schwartz and Nahid Shahmehri},
    booktitle={{2012 ELEKTRO}},
    year={2012},
    month={05},
    pages={55-60},
    title={{Sophisticated Denial of Service Attacks Aimed at Application Layer}},
    isbn={978-1-4673-1180-9},
    journal={{Proceedings of 9th International Conference, ELEKTRO 2012}},
    howpublished={\url{http://dx.doi.org/10.1109/ELEKTRO.2012.6225571}},
    note={Zugriff: 2021-12-02},
     
}


@misc{refst:REWE,
    title={{Über uns: REFE digital}},
    howpublished={\url{https://www.rewe-digital.com/ueber-uns.html}},
    note={Zugriff: 2021-12-17},
    author={{REWE Digital}},
    year={2021},
}


@misc{refst:MYENSO,
    title={{Die Idee von myEnso}},
    howpublished={\url{https://www.myenso.de/content/idee}},
    note={Zugriff: 2021-12-17},
    author={{myenso}},
    year={2021},

}


@INPROCEEDINGS{refip:HSSI,  
    author={H. Sharp and A. Finkelstein and G. Galal},  
    booktitle={{Proceedings. Tenth International Workshop on Database and Expert Systems Applications. DEXA 99}},   
    title={Stakeholder identification in the requirements engineering process},   
    year={1999},  
    volume={},  
    number={}, 
    pages={387-391}, 
    howpublished={\url{https://doi.org/10.1109/DEXA.1999.795198}},
    note={Zugriff: 2021-12-18},

}

@INPROCEEDINGS{refip:LYSP,
    author={Lee, Yun-kyung and Kim, Young-ho and Kim, Jeong-nyeo},
    booktitle={{2021 IEEE International Conference on Consumer Electronics-Asia (ICCE-Asia)}}, 
    title={IoT standard platform architecture that provides defense against DDoS attacks}, 
    year={2021},
    volume={},
    number={},
    pages={1-3},
    doi={10.1109/ICCE-Asia53811.2021.9641892},
    howpublished={\url{https://doi.org/10.1109/ICCE-Asia53811.2021.9641892}},
    note={Zugriff: 2021-12-18},

}

@misc{refst:2fa,
  title={{Zwei-Faktor-Authentisierung}},
  howpublished={\url{https://www.bsi.bund.de/DE/Themen/Verbraucherinnen-und-Verbraucher/Informationen-und-Empfehlungen/Cyber-Sicherheitsempfehlungen/Accountschutz/Zwei-Faktor-Authentisierung/zwei-faktor-authentisierung_node.html}},
  note={Zugriff: 2021-12-24},
  year={2021},
  author={{BSI}},
}

@INPROCEEDINGS{refip:simf,  
    author={Sanjar Ibrokhimov and Kueh Lee Hui and Ahmed Abdulhakim Al-Absi and hoon jae lee and Mangal Sain},  
    booktitle={{2019 21st International Conference on Advanced Communication Technology (ICACT)}},   
    title={{Multi-Factor Authentication in Cyber Physical System: A State of Art Survey}},   
    year={2019},  
    volume={},  
    number={},  
    pages={279-284},  
    howpublished={\url{https://doi.org/10.23919/ICACT.2019.8701960}},
    note={Zugriff: 2021-11-25},
}

@misc{refst:scpt,
    title={What is a side-channel attack?},
    howpublished={\url{https://resources.infosecinstitute.com/topic/what-is-a-side-channel-attack/}},
    note={Zugriff: 2021-12-25},
    year={2020},
    author={Pedro Tavares},
  }


  @INPROCEEDINGS{refip:ZYAM, 
    author={Zhi-Yuan Hu and Yao-Wei Liu and Xiao Hu and Jian-Hua Li},  
    booktitle={IEEE INFOCOM 2004},  
    title={Anonymous micropayments authentication (AMA) in mobile data network},  
    year={2004},  
    volume={1},  
    number={},  
    pages={53},  
    howpublished={\url{https://doi.org/10.1109/INFCOM.2004.1354480}},
    note={Zugriff: 2021-10-19},
}

 
   
\end{filecontents}