\begin{filecontents}{\Literaturverzeichnis.bib}


@article{Emerging,
    author={Steffen Wendzel and Wojciech Mazurczyk and Luca Caviglione and Amir Houmansadr (Eds.)},      
    title={{Emerging Topics in Defending Networked Systems}},  
    journal={{Special Issue at Future Generation Computer Systems (FGCS)}},
    publisher={Elsevier},
    year={2021},
}

@article{SCSZ,
    author={Markus Lauzi},
    title={{Smart-City: Die Stadt der Zukunft}},	 
    journal={{VDI Rheingau Regional Magazin}},
    VOLUME={2},
    number={},
    year={2017},
    pages={12--18}
}

@inproceedings{DBLP:conf/bir/BremserPR19,
    author={Christian Bremser and Gunther Piller and Franz Rothlauf},
    editor={Malgorzata Pankowska and Kurt Sandkuhl},
    title={{How Smart Cities Explore New Technologies}},
    booktitle={{Perspectives in Business Informatics Research - 18th International
               Conference, {BIR} 2019, Katowice, Poland, September 23-25, 2019, Proceedings},
    series={Lecture Notes in Business Information Processing}},
    volume={365},
    pages={1--15},
    address={Katowice},
    publisher={Springer},
    year={2019},
    note={\url{https://doi.org/10.1007/978-3-030-31143-8\_1}},
    timestamp={Tue, 17 Sep 2019 14:12:43 +0200},
    biburl={https://dblp.org/rec/conf/bir/BremserPR19.bib},

    }

@article{IJET14846,
	author={Dhanapal Kavitha},
	title={Modern shopping cart with automatic billing system using load sensor},
	journal={International Journal of Engineering and Technology},
	volume={7},
	number={2.33},
	year={2018},
	note={\url{https://www.sciencepubco.com/index.php/ijet/article/view/14846}},
}

@article{AQUILINA20191558,
    author={Yesenia Aquilina and Michael A. Saliba},
    title={{An automated supermarket checkout system utilizing a SCARA robot: preliminary prototype development}},
    journal={{Procedia Manufacturing}},
    volume={38},
    pages={1558-1565},
    year={2019},
    note={{29th International Conference on Flexible Automation and Intelligent Manufacturing 
    (FAIM 2019), June 24-28, 2019, Limerick, Ireland, Beyond Industry 4.0: Industrial Advances, 
    Engineering Education and Intelligent Manufacturing}},
    //note={\url{https://www.sciencedirect.com/science/article/pii/S2351978920301311}},
}

@article{ADR-Journal-Embedded-Systems,
	author={Sumit Bankar},
	title={{Automated Supermarket Run System}},
	journal={{Journal of Advanced Research in Embedded System}},
	volume={6},
	number={3 and 4},
	year={2019},
	note={\url{https://thejournalshouse.com/index.php/ADR-Journal-Embedded-Systems/article/view/223}},
}

@article{IJISRT,
	author={Susmita Jadhav and Namrata Pawar and Nilam Kharade and Pankaj S. Lengare},
	title={{Automatic Vending Machine}},
	journal={{International Journal of Innovative Science and Research Technology (IJISRT)}},
	volume={3},
	year={2018},
    pages={376-378},
	note={\url{https://www.ijisrt.com/automatic-vending-machine}},
}

@article{SIBANDA2020678,
    author={Vennan Sibanda and Lorraine Munetsi and Khumbulani Mpofu and Eriyeti Murena and John Trimble},
    title={{Design of a high-tech vending machine}},
    journal={{Procedia CIRP}},
    volume={91},
    pages={678-683},
    year={2020},
    issn={2212-8271},
    doi={https://doi.org/10.1016/j.procir.2020.04.133},
    howpublished={url{https://www.sciencedirect.com/science/article/pii/S2212827120308829}},
    note={\url{https://www.sciencedirect.com/science/article/pii/S2212827120308829}},
}

@article{article,
    author={R. Dijaya and EA. Suprayitno and A. Wicaksono},
    year={2019},
    month={07},
    pages={012098},
    title={{Integrated Point of Sales and Snack Vending Machine based on Internet of Things for 
    Self Service Scale Micro Enterprises}},
    volume={1179},
    journal={Journal of Physics: Conference Series},
    note={\url{http://dx.doi.org/10.1088/1742-6596/1179/1/012098}},
}

@article{https://doi.org/10.1049/joe.2018.9021,
    author={Shen, Longzhang and Qiu, Changjun and Wu, Xiaoyan and Han, Changxing and Hu, Liangbin},
    title={{Design of removable vending machine and research on the key implementation technology}},
    journal={{The Journal of Engineering}},
    volume={2019},
    number={13},
    pages={402-405},
    doi={https://doi.org/10.1049/joe.2018.9021},
    note={\url{https://ietresearch.onlinelibrary.wiley.com/doi/abs/10.1049/joe.2018.9021}},
    eprint={https://ietresearch.onlinelibrary.wiley.com/doi/pdf/10.1049/joe.2018.9021},
    year={2019}
}



@article{doi:10.1080/15378020.2012.706176,
    author={Qamar Iqbal and Lawrence E. Whitman and Don Malzahn},
    title={{Reducing Customer Wait Time at a Fast Food Restaurant on Campus}},
    journal={{Journal of Foodservice Business Research}},
    volume={15},
    number={4},
    pages={319-334},
    year={2012},
    publisher={Routledge},
    doi={10.1080/15378020.2012.706176},
    note={\url{https://doi.org/10.1080/15378020.2012.706176}},
}



@INPROCEEDINGS{8085948,
  author={Viktor P. Semenov and Vladimir V. Chernokulsky and Natalya V. Razmochaeva},
  booktitle={{2017 International Conference Quality Management,Transport and Information Security, Information Technologies (IT QM IS)}}, 
  title={{The cashless payment device for vending machines — Import substitution in the sphere of vending}}, 
  year={2017},
  pages={798-801},
  doi={10.1109/ITMQIS.2017.8085948},
}


@misc{pat_cash_alt,
    title={{Cash alternative transaction system}},
    number={5650761},
    author={Greg R. Gomm and Gary R. Gomm  Paul and Scott Paul},
    year={1997},
    month={July},
    note={\url{https://www.freepatentsonline.com/5650761.html}},
}

@misc{pat_postal,
    title={{Electronic postal money order method and system}},
    number={7849015},
    author={Michael S. Opiela and Ronald E. Garey},
    year={2010},
    month={December},
    note={\url{https://www.freepatentsonline.com/7849015.html}},
}

@article{chaslesspayment,
    title={{Vending Machine with Cash and Cashless Payment Support}},
    author={Ajit B. Patil and Girish Mahajan and Vaibhav Phale and Sanket Mane},
    year={2020},
    pages={341-348},
    volume={07},
    journal={{International Journal in IT and Engineering}}
}

@inproceedings{CryptoPRNG,
    title={{Ant Colony-Inspired Parallel Algorithm to Improve Cryptographic Pseudo Random Number Generators}},
    author={Jörg Keller and Gabriele and Spenger Steffen Wendzel},
    booktitle={{IEEE Symposium on Security and Privacy Workshops}},
    year={2017},
    month={05},
    pages={17-22},
    doi={10.1109/SPW.2017.31}
}

@article{protocolpayment,
    author={Jesús Téllez Isaac and Sherali Zeadally},
    year={2014},
    month={07},
    pages={587-611},
    title={{Design, implementation, and performance analysis of a secure payment protocol in a payment gateway centric model}},
    volume={96},
    journal={Computing},
    note={\url{https://doi.org/10.1007/s00607-013-0306-4}},
}

@article{inclusive,
    author={Patrick Langdon and John Clarkson and Peter Robinson},
    year={2013},
    month={08},
    pages={233-235},
    title={{Designing inclusive interactions}},
    volume={12},
    journal={Universal Access in the Information Society},
    note={\url{https://doi.org/10.1007/s10209-013-0289-0}},
}


@article{eldery,
    author={Umemuro Hiroyuki},
    title={{Lowering elderly Japanese users resistance towards computers by using touchscreen technology}},
    year={2004},
    month={10},
    journal={Universal Access in the Information Society},
    volume={3},
    number={3-4},
    pages={276-288},
    isbn={16155289},
    language={English},
    note={\url{https://www.proquest.com/scholarly-journals/lowering-elderly-japanese-users-resistance/docview/201543463/se-2?accountid=15921}},
} 

@article{Dullien_2018,
	doi={10.1007/s11623-018-1012-3},
	note={\url{https://doi.org/10.1007%2Fs11623-018-1012-3}},
	year=2018,
	month={sep},
	publisher={Springer Science and Business Media {LLC}},
	volume={42},
	number={10},
	pages={618--622},
	author={Thomas Dullien},
	title={{Maschinelles Lernen und künstliche Intelligenz in der Informationssicherheit}},
	journal={{Datenschutz und Datensicherheit - DuD}}
}

@article{DBLP:journals/dud/Rihaczek13g,
    author={Karl Rihaczek},
    title={{Datenschutz} {\&} {Computer}},
    journal={{Datenschutz und Datensicherheit}},
    volume={37},
    number={9},
    pages={561},
    year={2013},
    note={Zugriff: 2021-11-11},
    howpublished={\url{https://doi.org/10.1007/s11623-013-0236-5}},
}


\end{filecontents}